@misc{p1,
	author = {Nagios Enterprises, LLC},
	year = {2009-2017},
	title = {Official documentation },
	howpublished={\url{https://www.nagios.com}}

}


@misc{p2,
	author = {Nagios Enterprises, LLC},
	year = {2009-2017},
	title = {Nagios Network Analyzer Microsoft Download},
	howpublished={\url{https://www.nagios.com/downloads/nagios-network-analyzer/microsoft/}}
	
}

@misc{p3,
	author = {Nagios Enterprises, LLC},
	year = {2009-2017},
	title = {Overview},
	howpublished={\url{https://www.nagios.org/about/overview/}}
	
}



@misc{p4,
	author = {Nagioscore},
	year = {2017},
	title = {GitHub},
	howpublished={\url{https://github.com/NagiosEnterprises/nagioscore}}
	
}

@misc{p5,
	author = {Google},
	year = {2017},
	title = {Trends},
	howpublished={\url{https://trends.google.com/trends/explore?date=all&q=Ganglia,Munin,Nagios}}
	
}

@misc{p6,
	author = {Nagios},
	year = {2015},
	title = {Enterprise. Rev. 033016 Pag. 2},
	howpublished={\url{https://assets.nagios.com/handouts/nagiosxi/Nagios-XI-vs-Nagios-Core-Feature-Comparison.pdf}}
}

